|0000|019|0|01022025|28022025|FABIANO ROGERIO DI SILVA|03630111000170||GO|103244212|5208707|||B|1|
|0001|0|
|0005|RENASCER FRIOS|74553380|RUA SENADOR JAIME|147|asdasf|SETOR CENTRO OESTE||||
|0100|B L N MESQUITA SECOS E MOLHADOS LTDA|||44770567000112|74523190||113||SET CAMPINAS|||marcos05111993@gmail.com|5208707|
|0990|5|
|B001|1|
|B990|2|
|C001|0|
|C990|2|
|D001|1|
|D990|2|
|E001|0|
|E100|01022025|28022025|
|E110|0,00|0,00|0,00|0,00|0,00|0,00|0,00|0,00|0,00|0,00|0,00|0,00|0,00|0,00|
|E990|4|
|G001|1|
|G990|2|
|H001|1|
|H990|2|
|K001|0|
|K990|2|
|1001|0|
|1010|N|N|N|N|N|N|N|N|N|N|N|N|N|
|1990|3|
|9001|0|
|9900|0000|1|
|9900|0001|1|
|9900|0005|1|
|9900|0100|1|
|9900|0990|1|
|9900|B001|1|
|9900|B990|1|
|9900|C001|1|
|9900|C990|1|
|9900|D001|1|
|9900|D990|1|
|9900|E001|1|
|9900|E100|1|
|9900|E110|1|
|9900|E990|1|
|9900|G001|1|
|9900|G990|1|
|9900|H001|1|
|9900|H990|1|
|9900|K001|1|
|9900|K990|1|
|9900|1001|1|
|9900|1010|1|
|9900|1990|1|
|9900|9001|1|
|9900|9900|28|
|9900|9990|1|
|9900|9999|1|
|9990|31|
|9999|55|
